@Manual{R-base,
  title = {R: A Language and Environment for Statistical Computing},
  author = {{R Core Team}},
  organization = {R Foundation for Statistical Computing},
  address = {Vienna, Austria},
  year = {2024},
  url = {https://www.R-project.org/},
}

@Manual{R-bcmaps,
  title = {bcmaps: Map Layers and Spatial Utilities for British Columbia},
  author = {Andy Teucher and Sam Albers and Stephanie Hazlitt},
  year = {2024},
  note = {R package version 2.2.0},
  url = {https://github.com/bcgov/bcmaps},
}

@Manual{R-sf,
  title = {sf: Simple Features for R},
  author = {Edzer Pebesma},
  year = {2024},
  note = {R package version 1.0-16},
  url = {https://r-spatial.github.io/sf/},
}

@Manual{R-terra,
  title = {terra: Spatial Data Analysis},
  author = {Robert J. Hijmans},
  year = {2024},
  note = {R package version 1.7-78},
  url = {https://rspatial.org/},
}

@Manual{R-wdpar,
  title = {wdpar: Interface to the World Database on Protected Areas},
  author = {Jeffrey O Hanson},
  year = {2023},
  note = {R package version 1.3.7},
  url = {https://prioritizr.github.io/wdpar/},
}

@Book{sf2023,
  author = {Edzer Pebesma and Roger Bivand},
  title = {{Spatial Data Science: With applications in R}},
  year = {2023},
  publisher = {{Chapman and Hall/CRC}},
  url = {https://r-spatial.org/book/},
  doi = {10.1201/9780429459016},
}

@Article{sf2018,
  author = {Edzer Pebesma},
  title = {{Simple Features for R: Standardized Support for Spatial Vector Data}},
  year = {2018},
  journal = {{The R Journal}},
  doi = {10.32614/RJ-2018-009},
  url = {https://doi.org/10.32614/RJ-2018-009},
  pages = {439--446},
  volume = {10},
  number = {1},
}

@Article{wdpar2022a,
  title = {wdpar: Interface to the World Database on Protected Areas},
  author = {Jeffrey O Hanson},
  year = {2022},
  journal = {Journal of Open Source Software},
  volume = {7},
  pages = {4594},
  doi = {10.21105/joss.04594},
}

@Manual{wdpar2023a,
  title = {Protected Planet: The World Database on Protected Areas (WDPA)},
  author = {{UNEP-WCMC} and {IUCN}},
  year = {2023},
  version = {[insert month/year of the version downloaded]},
  publisher = {UNEP-WCMC and IUCN},
  address = {Cambridge, UK},
  url = {https://www.protectedplanet.net/en},
}

@Manual{wdpar2023b,
  title = {Protected Planet: The world database on other effective area-based conservation measures},
  author = {{UNEP-WCMC} and {IUCN}},
  year = {2023},
  version = {[insert month/year of the version downloaded]},
  publisher = {UNEP-WCMC and IUCN},
  address = {Cambridge, UK},
  url = {https://www.protectedplanet.net/en},
}

