@article{marrero2019,
  author = {Marrero, Jos{\' e} and Garc{\' i}a, Alicia and Berrocoso, Manuel and Llinares, {\' A}ngeles and Rodr{\' i}guez-Losada, Antonio and Ortiz, R.},
  journal = {Journal of Applied Volcanology},
  year = {2019},
  month = {7},
  pages = {},
  title = {Strategies for the development of volcanic hazard maps in monogenetic volcanic fields: the example of {La} {Palma} ({Canary} {Islands})},
  volume = {8},
  doi = {10.1186/s13617-019-0085-5},
}

@article{skidmore2021,
	title = {Priority list of biodiversity metrics to observe from space},
	author = {Skidmore, Andrew K. and Coops, Nicholas C. and Neinavaz, Elnaz and Ali, Abebe and Schaepman, Michael E. and Paganini, Marc and Kissling, W. Daniel and Vihervaara, Petteri and Darvishzadeh, Roshanak and Feilhauer, Hannes and Fernandez, Miguel and {Fernández}, {Néstor} and Gorelick, Noel and Geijzendorffer, Ilse and Heiden, Uta and Heurich, Marco and Hobern, Donald and Holzwarth, Stefanie and Muller-Karger, Frank E. and Van De Kerchove, Ruben and Lausch, Angela and {Leitão}, Pedro J. and Lock, Marcelle C. and {Mücher}, Caspar A. and {O{\textquoteright}Connor}, Brian and Rocchini, Duccio and Turner, Woody and Vis, Jan Kees and Wang, Tiejun and Wegmann, Martin and Wingate, Vladimir},
	year = {2021},
	month = {05},
	date = {2021-05-13},
	journal = {Nature Ecology & Evolution},
	doi = {10.1038/s41559-021-01451-x},
	url = {http://www.nature.com/articles/s41559-021-01451-x},
	langid = {en}
}

@article{pereira2013,
	title = {Essential Biodiversity Variables},
	author = {Pereira, H. M. and Ferrier, S. and Walters, M. and Geller, G. N. and Jongman, R. H. G. and Scholes, R. J. and Bruford, M. W. and Brummitt, N. and Butchart, S. H. M. and Cardoso, A. C. and Coops, N. C. and Dulloo, E. and Faith, D. P. and Freyhof, J. and Gregory, R. D. and Heip, C. and Hoft, R. and Hurtt, G. and Jetz, W. and Karp, D. S. and McGeoch, M. A. and Obura, D. and Onoda, Y. and Pettorelli, N. and Reyers, B. and Sayre, R. and Scharlemann, J. P. W. and Stuart, S. N. and Turak, E. and Walpole, M. and Wegmann, M.},
	year = {2013},
	month = {01},
	date = {2013-01-18},
	journal = {Science},
	pages = {277--278},
	volume = {339},
	number = {6117},
	doi = {10.1126/science.1229931},
	url = {https://www.sciencemag.org/lookup/doi/10.1126/science.1229931},
	langid = {en}
}

@article{noss1990,
	title = {Indicators for Monitoring Biodiversity: A Hierarchical Approach},
	author = {Noss, Reed F.},
	year = {1990},
	date = {1990},
	journal = {Conservation Biology},
	pages = {355--364},
	volume = {4},
	number = {4},
	doi = {10.1111/j.1523-1739.1990.tb00309.x},
	url = {https://onlinelibrary.wiley.com/doi/abs/10.1111/j.1523-1739.1990.tb00309.x},
	note = {{\_}eprint: https://onlinelibrary.wiley.com/doi/pdf/10.1111/j.1523-1739.1990.tb00309.x},
	langid = {en}
}

@article{pettorelli2018,
	title = {Satellite remote sensing of ecosystem functions: opportunities, challenges and way forward},
	author = {Pettorelli, Nathalie and {Schulte to Bühne}, Henrike and Tulloch, Ayesha and Dubois, {Grégoire} and Macinnis-Ng, Cate and {Queirós}, Ana M. and Keith, David A. and Wegmann, Martin and Schrodt, Franziska and Stellmes, Marion and Sonnenschein, Ruth and Geller, Gary N. and Roy, Shovonlal and Somers, Ben and Murray, Nicholas and Bland, Lucie and Geijzendorffer, Ilse and Kerr, Jeremy T. and Broszeit, Stefanie and {Leitão}, Pedro J. and Duncan, Clare and El Serafy, Ghada and He, Kate S. and Blanchard, Julia L. and Lucas, Richard and Mairota, Paola and Webb, Thomas J. and Nicholson, Emily},
	year = {2018},
	date = {2018},
	journal = {Remote Sensing in Ecology and Conservation},
	pages = {71--93},
	volume = {4},
	number = {2},
	doi = {10.1002/rse2.59},
	url = {https://onlinelibrary.wiley.com/doi/abs/10.1002/rse2.59},
	note = {{\_}eprint: https://onlinelibrary.wiley.com/doi/pdf/10.1002/rse2.59},
	langid = {en}
}

@article{chape2005,
	title = {Measuring the extent and effectiveness of protected areas as an indicator for meeting global biodiversity targets},
	author = {Chape, S and Harrison, J and Spalding, M and Lysenko, I},
	year = {2005},
	month = {02},
	date = {2005-02},
	journal = {Philosophical Transactions of the Royal Society B: Biological Sciences},
	pages = {443{\textendash}455},
	volume = {360},
	number = {1454},
	doi = {10.1098/rstb.2004.1592},
	url = {https://royalsocietypublishing.org/doi/10.1098/rstb.2004.1592}
}

@article{dirzo2003,
	title = {Global State of Biodiversity and Loss},
	author = {Dirzo, Rodolfo and Raven, Peter H.},
	year = {2003},
	month = {11},
	date = {2003-11-01},
	journal = {Annual Review of Environment and Resources},
	pages = {137--167},
	volume = {28},
	number = {Volume 28, 2003},
	doi = {10.1146/annurev.energy.28.050302.105532},
	url = {https://www.annualreviews.org/content/journals/10.1146/annurev.energy.28.050302.105532},
	note = {Publisher: Annual Reviews},
	langid = {en}
}

@article{pettorelli2005,
	title = {Using the satellite-derived NDVI to assess ecological responses to environmental change},
	author = {Pettorelli, Nathalie and Vik, Jon Olav and Mysterud, Atle and Gaillard, Jean-Michel and Tucker, Compton J. and Stenseth, Nils Chr.},
	year = {2005},
	month = {09},
	date = {2005-09-01},
	journal = {Trends in Ecology & Evolution},
	pages = {503--510},
	volume = {20},
	number = {9},
	doi = {10.1016/j.tree.2005.05.011},
	url = {https://www.sciencedirect.com/science/article/pii/S016953470500162X},
	langid = {en}
}

@article{ferraro2009,
	title = {Counterfactual thinking and impact evaluation in environmental policy},
	author = {Ferraro, Paul J.},
	year = {2009},
	date = {2009},
	journal = {New Directions for Evaluation},
	pages = {75--84},
	volume = {2009},
	number = {122},
	doi = {10.1002/ev.297},
	url = {https://onlinelibrary.wiley.com/doi/abs/10.1002/ev.297},
	note = {{\_}eprint: https://onlinelibrary.wiley.com/doi/pdf/10.1002/ev.297},
	langid = {en}
}

@article{schleicher2020,
	title = {Statistical matching for conservation science},
	author = {Schleicher, Judith and Eklund, Johanna and D. Barnes, Megan and Geldmann, Jonas and Oldekop, Johan A. and Jones, Julia P. G.},
	year = {2020},
	date = {2020},
	journal = {Conservation Biology},
	pages = {538--549},
	volume = {34},
	number = {3},
	doi = {10.1111/cobi.13448},
	url = {https://onlinelibrary.wiley.com/doi/abs/10.1111/cobi.13448},
	note = {{\_}eprint: https://onlinelibrary.wiley.com/doi/pdf/10.1111/cobi.13448},
	langid = {en}
}

@article{ribas2021,
	title = {Estimating counterfactuals for evaluation of ecological and conservation impact: an introduction to matching methods},
	author = {Ribas, Luiz G. S. and Pressey, Robert L. and Bini, Luis M.},
	year = {2021},
	date = {2021},
	journal = {Biological Reviews},
	pages = {1186--1204},
	volume = {96},
	number = {4},
	doi = {10.1111/brv.12697},
	url = {https://onlinelibrary.wiley.com/doi/abs/10.1111/brv.12697},
	note = {{\_}eprint: https://onlinelibrary.wiley.com/doi/pdf/10.1111/brv.12697},
	langid = {en}
}

@article{iacus2012,
	title = {Causal Inference without Balance Checking: Coarsened Exact Matching},
	author = {Iacus, Stefano M. and King, Gary and Porro, Giuseppe},
	year = {2012},
	date = {2012},
	journal = {Political Analysis},
	pages = {1--24},
	volume = {20},
	number = {1},
	doi = {10.1093/pan/mpr013},
	url = {https://www.cambridge.org/core/product/identifier/S1047198700012985/type/journal_article},
	langid = {en}
}

@article{austin2011,
	title = {An Introduction to Propensity Score Methods for Reducing the Effects of Confounding in Observational Studies},
	author = {Austin, Peter C.},
	year = {2011},
	month = {05},
	date = {2011-05},
	journal = {Multivariate Behavioral Research},
	pages = {399--424},
	volume = {46},
	number = {3},
	doi = {10.1080/00273171.2011.568786},
	url = {https://www.ncbi.nlm.nih.gov/pmc/articles/PMC3144483/},
	note = {PMID: 21818162
PMCID: PMC3144483}
}

@article{thomas2004,
	title = {Extinction risk from climate change},
	author = {Thomas, Chris D and Cameron, Alison and Green, Rhys E and Bakkenes, Michel and Beaumont, Linda J and Collingham, Yvonne C and Erasmus, Barend F N and de Siqueira, Marinez Ferreira and Grainger, Alan and Hannah, Lee and Hughes, Lesley and Huntley, Brian and van Jaarsveld, Albert S and Midgley, Guy F and Miles, Lera and Ortega-Huerta, Miguel A and Peterson, A Townsend and Phillips, Oliver L and Williams, Stephen E},
	year = {2004},
	date = {2004},
	journal = {Nature},
	pages = {5},
	volume = {427},
	langid = {en}
}

@article{urban2015,
	title = {Accelerating extinction risk from climate change},
	author = {Urban, Mark C.},
	year = {2015},
	month = {05},
	date = {2015-05-01},
	journal = {Science},
	pages = {571--573},
	volume = {348},
	number = {6234},
	doi = {10.1126/science.aaa4984},
	url = {https://www.science.org/doi/10.1126/science.aaa4984},
	note = {Publisher: American Association for the Advancement of Science}
}

@article{mcgill2015,
	title = {Fifteen forms of biodiversity trend in the Anthropocene},
	author = {McGill, Brian J. and Dornelas, Maria and Gotelli, Nicholas J. and Magurran, Anne E.},
	year = {2015},
	month = {02},
	date = {2015-02-01},
	journal = {Trends in Ecology & Evolution},
	pages = {104--113},
	volume = {30},
	number = {2},
	doi = {10.1016/j.tree.2014.11.006},
	url = {https://www.sciencedirect.com/science/article/pii/S0169534714002456},
	langid = {en}
}

@article{langhammer2024,
	title = {The positive impact of conservation action},
	author = {Langhammer, Penny F. and Bull, Joseph W. and Bicknell, Jake E. and Oakley, Joseph L. and Brown, Mary H. and Bruford, Michael W. and Butchart, Stuart H. M. and Carr, Jamie A. and Church, Don and Cooney, Rosie and Cutajar, Simone and Foden, Wendy and Foster, Matthew N. and Gascon, Claude and Geldmann, Jonas and Genovesi, Piero and Hoffmann, Michael and Howard-McCombe, Jo and Lewis, Tiffany and Macfarlane, Nicholas B. W. and Melvin, Zoe E. and Merizalde, Rossana Stoltz and Morehouse, Meredith G. and Pagad, Shyama and Polidoro, Beth and Sechrest, Wes and Segelbacher, Gernot and Smith, Kevin G. and Steadman, Janna and Strongin, Kyle and Williams, Jake and Woodley, Stephen and Brooks, Thomas M.},
	year = {2024},
	month = {04},
	date = {2024-04-26},
	journal = {Science},
	pages = {453--458},
	volume = {384},
	number = {6694},
	doi = {10.1126/science.adj6598},
	url = {https://www.science.org/doi/10.1126/science.adj6598},
	note = {Publisher: American Association for the Advancement of Science}
}

@article{joppa2010,
	title = {Global protected area impacts},
	author = {Joppa, Lucas N. and Pfaff, Alexander},
	year = {2010},
	month = {11},
	date = {2010-11-17},
	journal = {Proceedings of the Royal Society B: Biological Sciences},
	pages = {1633--1638},
	volume = {278},
	number = {1712},
	doi = {10.1098/rspb.2010.1713},
	url = {https://royalsocietypublishing.org/doi/full/10.1098/rspb.2010.1713},
	note = {Publisher: Royal Society}
}

@article{geldmann2019,
	title = {A global-level assessment of the effectiveness of protected areas at resisting anthropogenic pressures},
	author = {Geldmann, Jonas and Manica, Andrea and Burgess, Neil D. and Coad, Lauren and Balmford, Andrew},
	year = {2019},
	month = {11},
	date = {2019-11-12},
	journal = {Proceedings of the National Academy of Sciences},
	pages = {23209--23215},
	volume = {116},
	number = {46},
	doi = {10.1073/pnas.1908221116},
	url = {https://www.pnas.org/content/116/46/23209},
	note = {Publisher: National Academy of Sciences
Section: Biological Sciences
PMID: 31659036},
	langid = {en}
}

@article{joppa2009,
	title = {High and Far: Biases in the Location of Protected Areas},
	author = {Joppa, Lucas N. and Pfaff, Alexander},
	year = {2009},
	month = {12},
	date = {2009-12-14},
	journal = {PLOS ONE},
	pages = {e8273},
	volume = {4},
	number = {12},
	doi = {10.1371/journal.pone.0008273},
	url = {https://journals.plos.org/plosone/article?id=10.1371/journal.pone.0008273},
	note = {Publisher: Public Library of Science},
	langid = {en}
}

@article{muise2022,
	title = {Assessing representation of remote sensing derived forest structure and land cover across a network of protected areas},
	author = {Muise, Evan R. and Coops, Nicholas C. and Hermosilla, Txomin and Ban, Stephen S.},
	year = {2022},
	date = {2022},
	journal = {Ecological Applications},
	pages = {e2603},
	volume = {32},
	number = {5},
	doi = {10.1002/eap.2603},
	url = {https://onlinelibrary.wiley.com/doi/abs/10.1002/eap.2603},
	note = {{\_}eprint: https://onlinelibrary.wiley.com/doi/pdf/10.1002/eap.2603},
	langid = {en}
}

@article{pressey2004,
	title = {Is maximizing protection the same as minimizing loss? Efficiency and retention as alternative measures of the effectiveness of proposed reserves},
	author = {Pressey, Robert L. and Watts, Matthew E. and Barrett, Thomas W.},
	year = {2004},
	date = {2004},
	journal = {Ecology Letters},
	pages = {1035--1046},
	volume = {7},
	number = {11},
	doi = {10.1111/j.1461-0248.2004.00672.x},
	url = {https://onlinelibrary.wiley.com/doi/abs/10.1111/j.1461-0248.2004.00672.x},
	note = {{\_}eprint: https://onlinelibrary.wiley.com/doi/pdf/10.1111/j.1461-0248.2004.00672.x},
	langid = {en}
}

@article{andrew2012,
	title = {Identification of {\emph{de facto}} protected areas in boreal Canada},
	author = {Andrew, Margaret E. and Wulder, Michael A. and Coops, Nicholas C.},
	year = {2012},
	month = {02},
	date = {2012-02-01},
	journal = {Biological Conservation},
	pages = {97--107},
	volume = {146},
	number = {1},
	doi = {10.1016/j.biocon.2011.11.029},
	url = {https://www.sciencedirect.com/science/article/pii/S0006320711004587}
}

@article{watson2018,
	title = {The exceptional value of intact forest ecosystems},
	author = {Watson, James E. M. and Evans, Tom and Venter, Oscar and Williams, Brooke and Tulloch, Ayesha and Stewart, Claire and Thompson, Ian and Ray, Justina C. and Murray, Kris and Salazar, Alvaro and McAlpine, Clive and Potapov, Peter and Walston, Joe and Robinson, John G. and Painter, Michael and Wilkie, David and Filardi, Christopher and Laurance, William F. and Houghton, Richard A. and Maxwell, Sean and Grantham, Hedley and Samper, {Cristián} and Wang, Stephanie and Laestadius, Lars and Runting, Rebecca K. and {Silva-Chávez}, Gustavo A. and Ervin, Jamison and Lindenmayer, David},
	year = {2018},
	month = {04},
	date = {2018-04},
	journal = {Nature Ecology & Evolution},
	pages = {599--610},
	volume = {2},
	number = {4},
	doi = {10.1038/s41559-018-0490-x},
	url = {https://www.nature.com/articles/s41559-018-0490-x},
	note = {Number: 4
Publisher: Nature Publishing Group},
	langid = {en}
}

@article{lindenmayer2019,
	title = {Integrating forest biodiversity conservation and restoration ecology principles to recover natural forest ecosystems},
	author = {Lindenmayer, David B.},
	year = {2019},
	month = {03},
	date = {2019-03-01},
	journal = {New Forests},
	pages = {169--181},
	volume = {50},
	number = {2},
	doi = {10.1007/s11056-018-9633-9},
	url = {https://doi.org/10.1007/s11056-018-9633-9},
	langid = {en}
}

@article{brockerhoff2017,
	title = {Forest biodiversity, ecosystem functioning and the provision of ecosystem services},
	author = {Brockerhoff, Eckehard G. and Barbaro, Luc and Castagneyrol, Bastien and Forrester, David I. and Gardiner, Barry and {González-Olabarria}, {José Ramón} and Lyver, {Phil O{\textquoteright}B.} and Meurisse, Nicolas and Oxbrough, Anne and Taki, Hisatomo and Thompson, Ian D. and van der Plas, Fons and Jactel, {Hervé}},
	year = {2017},
	month = {12},
	date = {2017-12-01},
	journal = {Biodiversity and Conservation},
	pages = {3005--3035},
	volume = {26},
	number = {13},
	doi = {10.1007/s10531-017-1453-2},
	url = {https://doi.org/10.1007/s10531-017-1453-2},
	langid = {en}
}

@article{habel2019,
	title = {Final countdown for biodiversity hotspots},
	author = {Habel, Jan C. and Rasche, Livia and Schneider, Uwe A. and Engler, Jan O. and Schmid, Erwin and {Rödder}, Dennis and Meyer, Sebastian T. and Trapp, Natalie and Sos del Diego, Ruth and Eggermont, Hilde and Lens, Luc and Stork, Nigel E.},
	year = {2019},
	date = {2019},
	journal = {Conservation Letters},
	pages = {e12668},
	volume = {12},
	number = {6},
	doi = {10.1111/conl.12668},
	url = {https://onlinelibrary.wiley.com/doi/abs/10.1111/conl.12668},
	note = {{\_}eprint: https://onlinelibrary.wiley.com/doi/pdf/10.1111/conl.12668},
	langid = {en}
}

@article{newbold2015,
	title = {Global effects of land use on local terrestrial biodiversity},
	author = {Newbold, Tim and Hudson, Lawrence N. and Hill, Samantha L. L. and Contu, Sara and Lysenko, Igor and Senior, Rebecca A. and Boerger, Luca and Bennett, Dominic J. and Choimes, Argyrios and Collen, Ben and Day, Julie and De Palma, Adriana and Diaz, Sandra and Echeverria-Londono, Susy and Edgar, Melanie J. and Feldman, Anat and Garon, Morgan and Harrison, Michelle L. K. and Alhusseini, Tamera and Ingram, Daniel J. and Itescu, Yuval and Kattge, Jens and Kemp, Victoria and Kirkpatrick, Lucinda and Kleyer, Michael and Correia, David Laginha Pinto and Martin, Callum D. and Meiri, Shai and Novosolov, Maria and Pan, Yuan and Phillips, Helen R. P. and Purves, Drew W. and Robinson, Alexandra and Simpson, Jake and Tuck, Sean L. and Weiher, Evan and White, Hannah J. and Ewers, Robert M. and Mace, Georgina M. and Scharlemann, Joern P. W. and Purvis, Andy},
	year = {2015},
	month = {04},
	date = {2015-04-02},
	journal = {Nature},
	pages = {45--+},
	volume = {520},
	number = {7545},
	doi = {10.1038/nature14324},
	url = {https://gateway.webofknowledge.com/gateway/Gateway.cgi?GWVersion=2&SrcAuth=DOISource&SrcApp=WOS&KeyAID=10.1038%2Fnature14324&DestApp=DOI&SrcAppSID=7FjRgWPIAYN8HDvCCVH&SrcJTitle=NATURE&DestDOIRegistrantName=Springer+Science+and+Business+Media+LLC},
	note = {Place: Berlin
Publisher: Nature Portfolio
WOS:000352027700033},
	langid = {English}
}

@article{matasci2018,
	title = {Three decades of forest structural dynamics over Canada's forested ecosystems using Landsat time-series and lidar plots},
	author = {Matasci, Giona and Hermosilla, Txomin and Wulder, Michael A. and White, Joanne C. and Coops, Nicholas C. and Hobart, Geordie W. and Bolton, Douglas K. and Tompalski, Piotr and Bater, Christopher W.},
	year = {2018},
	month = {10},
	date = {2018-10},
	journal = {Remote Sensing of Environment},
	pages = {697{\textendash}714},
	volume = {216},
	doi = {10.1016/j.rse.2018.07.024},
	url = {https://linkinghub.elsevier.com/retrieve/pii/S0034425718303572}
}

@article{radeloff2019,
	title = {The Dynamic Habitat Indices (DHIs) from MODIS and global biodiversity},
	author = {Radeloff, V. C. and Dubinin, M. and Coops, N. C. and Allen, A. M. and Brooks, T. M. and Clayton, M. K. and Costa, G. C. and Graham, C. H. and Helmers, D. P. and Ives, A. R. and Kolesov, D. and Pidgeon, A. M. and Rapacciuolo, G. and Razenkova, E. and Suttidate, N. and Young, B. E. and Zhu, L. and Hobi, M. L.},
	year = {2019},
	month = {03},
	date = {2019-03-01},
	journal = {Remote Sensing of Environment},
	pages = {204--214},
	volume = {222},
	doi = {10.1016/j.rse.2018.12.009},
	url = {https://www.sciencedirect.com/science/article/pii/S0034425718305625},
	langid = {en}
}

@article{radeloff2024,
	title = {Need and vision for global medium-resolution Landsat and Sentinel-2 data products},
	author = {Radeloff, Volker C. and Roy, David P. and Wulder, Michael A. and Anderson, Martha and Cook, Bruce and Crawford, Christopher J. and Friedl, Mark and Gao, Feng and Gorelick, Noel and Hansen, Matthew and Healey, Sean and Hostert, Patrick and Hulley, Glynn and Huntington, Justin L. and Johnson, David M. and Neigh, Chris and Lyapustin, Alexei and Lymburner, Leo and Pahlevan, Nima and Pekel, Jean-Francois and Scambos, Theodore A. and Schaaf, Crystal and Strobl, Peter and Woodcock, Curtis E. and Zhang, Hankui K. and Zhu, Zhe},
	year = {2024},
	month = {01},
	date = {2024-01-01},
	journal = {Remote Sensing of Environment},
	pages = {113918},
	volume = {300},
	doi = {10.1016/j.rse.2023.113918},
	url = {https://www.sciencedirect.com/science/article/pii/S0034425723004704}
}


@article{matasci2018b,
	title = {Large-area mapping of Canadian boreal forest cover, height, biomass and other structural attributes using Landsat composites and lidar plots},
	author = {Matasci, Giona and Hermosilla, Txomin and Wulder, Michael A. and White, Joanne C. and Coops, Nicholas C. and Hobart, Geordie W. and Zald, Harold S. J.},
	year = {2018},
	month = {05},
	date = {2018-05-01},
	journal = {Remote Sensing of Environment},
	pages = {90--106},
	volume = {209},
	doi = {10.1016/j.rse.2017.12.020},
	url = {https://www.sciencedirect.com/science/article/pii/S0034425717305953},
	langid = {en}
}

@article{razenkova,
	title = {Medium-resolution Dynamic Habitat Indices from Landsat satellite imagery},
	author = {Razenkova, Elena and {Lewi{\'{n}}ska}, Katarzyna E and Yin, He and Farwell, Laura S and Pidgeon, Anna M and Hostert, Patrick and Coops, Nicholas C and Radeloff, Volker C.},
	journal = {Remote Sensing of Environment}
}

@article{becker2023,
	title = {Country-wide retrieval of forest structure from optical and SAR satellite imagery with deep ensembles},
	author = {Becker, Alexander and Russo, Stefania and Puliti, Stefano and Lang, Nico and Schindler, Konrad and Wegner, Jan Dirk},
	year = {2023},
	month = {01},
	date = {2023-01-01},
	journal = {ISPRS Journal of Photogrammetry and Remote Sensing},
	pages = {269--286},
	volume = {195},
	doi = {10.1016/j.isprsjprs.2022.11.011},
	url = {https://www.sciencedirect.com/science/article/pii/S0924271622003045}
}

@article{hermosilla2022,
	title = {Mapping the presence and distribution of tree species in Canada's forested ecosystems},
	author = {Hermosilla, Txomin and Bastyr, Alex and Coops, Nicholas C. and White, Joanne C. and Wulder, Michael A.},
	year = {2022},
	month = {12},
	date = {2022-12-01},
	journal = {Remote Sensing of Environment},
	pages = {113276},
	volume = {282},
	doi = {10.1016/j.rse.2022.113276},
	url = {https://www.sciencedirect.com/science/article/pii/S0034425722003820},
	langid = {en}
}

@article{schweiger2018,
	title = {Plant spectral diversity integrates functional and phylogenetic components of biodiversity and predicts ecosystem function},
	author = {Schweiger, Anna K. and Cavender-Bares, Jeannine and Townsend, Philip A. and Hobbie, Sarah E. and Madritch, Michael D. and Wang, Ran and Tilman, David and Gamon, John A.},
	year = {2018},
	month = {06},
	date = {2018-06},
	journal = {Nature Ecology & Evolution},
	pages = {976--982},
	volume = {2},
	number = {6},
	doi = {10.1038/s41559-018-0551-1},
	url = {https://www.nature.com/articles/s41559-018-0551-1},
	note = {Publisher: Nature Publishing Group},
	langid = {en}
}

@article{schweiger2022,
	title = {Plant beta-diversity across biomes captured by imaging spectroscopy},
	author = {Schweiger, Anna K. and {Laliberté}, Etienne},
	year = {2022},
	month = {05},
	date = {2022-05-19},
	journal = {Nature Communications},
	pages = {2767},
	volume = {13},
	number = {1},
	doi = {10.1038/s41467-022-30369-6},
	url = {https://www.nature.com/articles/s41467-022-30369-6},
	note = {Publisher: Nature Publishing Group},
	langid = {en}
}

@article{noss1999,
	title = {Assessing and monitoring forest biodiversity: A suggested framework and indicators},
	author = {Noss, R. F.},
	year = {1999},
	month = {03},
	date = {1999-03-22},
	journal = {Forest Ecology and Management},
	pages = {135--146},
	volume = {115},
	number = {2-3},
	doi = {10.1016/S0378-1127(98)00394-6},
	url = {https://gateway.webofknowledge.com/gateway/Gateway.cgi?GWVersion=2&SrcAuth=DOISource&SrcApp=WOS&KeyAID=10.1016%2FS0378-1127%2898%2900394-6&DestApp=DOI&SrcAppSID=5FvjJrphHdQ3s4kP9NU&SrcJTitle=FOREST+ECOLOGY+AND+MANAGEMENT&DestDOIRegistrantName=Elsevier},
	note = {Place: Amsterdam
Publisher: Elsevier Science Bv
WOS:000079121300005},
	langid = {English}
}

@article{dimarco2019,
	title = {Wilderness areas halve the extinction risk of terrestrial biodiversity},
	author = {Di Marco, Moreno and Ferrier, Simon and Harwood, Tom D. and Hoskins, Andrew J. and Watson, James E. M.},
	year = {2019},
	month = {09},
	date = {2019-09},
	journal = {Nature},
	pages = {582--585},
	volume = {573},
	number = {7775},
	doi = {10.1038/s41586-019-1567-7},
	url = {https://www.nature.com/articles/s41586-019-1567-7},
	note = {Publisher: Nature Publishing Group},
	langid = {en}
}

@techreport{reporto2023,
	title = {Report of the conference of the parties to the convention on biological diversity on the second part of its fifteenth meeting},
	year = {2023},
	date = {2023},
	langid = {en}
}

@article{lesslie1988,
	title = {A Computer-based Method of Wilderness Evaluation},
	author = {Lesslie, Robert G. and Mackey, Brendan G. and Preece, Kathryn M.},
	year = {1988},
	month = {10},
	date = {1988-10},
	journal = {Environmental Conservation},
	pages = {225--232},
	volume = {15},
	number = {3},
	doi = {10.1017/S0376892900029362},
	url = {https://www.cambridge.org/core/journals/environmental-conservation/article/abs/computerbased-method-of-wilderness-evaluation/053466BB0DE027411C24098DC7F0E7AD},
	langid = {en}
}

@article{mackey1998,
	title = {Wilderness and its place in nature conservation in Australia},
	author = {G. Mackey, B. and G. Lesslie, R. and B. Lindenmayer, D. and A. Nix, H.},
	year = {1998},
	date = {1998},
	journal = {Pacific Conservation Biology},
	pages = {182},
	volume = {4},
	number = {3},
	doi = {10.1071/PC980185},
	url = {http://www.publish.csiro.au/?paper=PC980185},
	langid = {en}
}

@article{pan2011,
	title = {A Large and Persistent Carbon Sink in the World{\textquoteright}s Forests},
	author = {Pan, Yude and Birdsey, Richard A. and Fang, Jingyun and Houghton, Richard and Kauppi, Pekka E. and Kurz, Werner A. and Phillips, Oliver L. and Shvidenko, Anatoly and Lewis, Simon L. and Canadell, Josep G. and Ciais, Philippe and Jackson, Robert B. and Pacala, Stephen W. and McGuire, A. David and Piao, Shilong and Rautiainen, Aapo and Sitch, Stephen and Hayes, Daniel},
	year = {2011},
	month = {08},
	date = {2011-08-19},
	journal = {Science},
	pages = {988--993},
	volume = {333},
	number = {6045},
	doi = {10.1126/science.1201609},
	url = {https://www.science.org/doi/10.1126/science.1201609},
	note = {Publisher: American Association for the Advancement of Science}
}

@article{watson2016,
	title = {Catastrophic Declines in Wilderness Areas Undermine Global Environment Targets},
	author = {Watson, James E. M. and Shanahan, Danielle F. and Di Marco, Moreno and Allan, James and Laurance, William F. and Sanderson, Eric W. and Mackey, Brendan and Venter, Oscar},
	year = {2016},
	month = {11},
	date = {2016-11-07},
	journal = {Current Biology},
	pages = {2929--2934},
	volume = {26},
	number = {21},
	doi = {10.1016/j.cub.2016.08.049},
	url = {https://www.sciencedirect.com/science/article/pii/S0960982216309939}
}

@article{venter2016,
	title = {Sixteen years of change in the global terrestrial human footprint and implications for biodiversity conservation},
	author = {Venter, Oscar and Sanderson, Eric W. and Magrach, Ainhoa and Allan, James R. and Beher, Jutta and Jones, Kendall R. and Possingham, Hugh P. and Laurance, William F. and Wood, Peter and Fekete, {Balázs M.} and Levy, Marc A. and Watson, James E. M.},
	year = {2016},
	month = {08},
	date = {2016-08-23},
	journal = {Nature Communications},
	pages = {12558},
	volume = {7},
	number = {1},
	doi = {10.1038/ncomms12558},
	url = {https://www.nature.com/articles/ncomms12558},
	note = {Number: 1
Publisher: Nature Publishing Group},
	langid = {en}
}

@article{mittermeier2003,
	title = {Wilderness and biodiversity conservation},
	author = {Mittermeier, R. A. and Mittermeier, C. G. and Brooks, T. M. and Pilgrim, J. D. and Konstant, W. R. and da Fonseca, G. A. B. and Kormos, C.},
	year = {2003},
	month = {09},
	date = {2003-09-02},
	journal = {Proceedings of the National Academy of Sciences},
	pages = {10309--10313},
	volume = {100},
	number = {18},
	doi = {10.1073/pnas.1732458100},
	url = {https://www.pnas.org/doi/10.1073/pnas.1732458100},
	note = {Publisher: Proceedings of the National Academy of Sciences}
}

@article{martin2022,
	title = {Editorial: Forests of high naturalness as references for management and conservation: Potential and pitfalls},
	author = {Martin, Maxence and Valeria, Osvaldo and Potapov, Peter and Paillet, Yoan},
	year = {2022},
	month = {08},
	date = {2022-08-23},
	journal = {Frontiers in Forests and Global Change},
	pages = {1004087},
	volume = {5},
	doi = {10.3389/ffgc.2022.1004087},
	url = {https://www.frontiersin.org/articles/10.3389/ffgc.2022.1004087/full},
	langid = {en}
}

@article{gorenflo2012,
	title = {Co-occurrence of linguistic and biological diversity in biodiversity hotspots and high biodiversity wilderness areas},
	author = {Gorenflo, L. J. and Romaine, Suzanne and Mittermeier, Russell A. and Walker-Painemilla, Kristen},
	year = {2012},
	month = {05},
	date = {2012-05-22},
	journal = {Proceedings of the National Academy of Sciences},
	pages = {8032--8037},
	volume = {109},
	number = {21},
	doi = {10.1073/pnas.1117511109},
	url = {https://www.pnas.org/doi/full/10.1073/pnas.1117511109},
	note = {Publisher: Proceedings of the National Academy of Sciences}
}

@article{mcnellie2020,
	title = {Reference state and benchmark concepts for better biodiversity conservation in contemporary ecosystems},
	author = {McNellie, Megan J. and Oliver, Ian and Dorrough, Josh and Ferrier, Simon and Newell, Graeme and Gibbons, Philip},
	year = {2020},
	date = {2020},
	journal = {Global Change Biology},
	pages = {6702--6714},
	volume = {26},
	number = {12},
	doi = {10.1111/gcb.15383},
	url = {https://onlinelibrary.wiley.com/doi/abs/10.1111/gcb.15383},
	note = {{\_}eprint: https://onlinelibrary.wiley.com/doi/pdf/10.1111/gcb.15383},
	langid = {en}
}

@article{myers1988,
	title = {Threatened biotas: {"}Hot spots{"} in tropical forests},
	author = {Myers, Norman},
	year = {1988},
	month = {09},
	date = {1988-09-01},
	journal = {Environmentalist},
	pages = {187--208},
	volume = {8},
	number = {3},
	doi = {10.1007/BF02240252},
	url = {https://doi.org/10.1007/BF02240252},
	langid = {en}
}

@article{pimm2000,
	title = {Extinction by numbers},
	author = {Pimm, Stuart L. and Raven, Peter},
	year = {2000},
	month = {02},
	date = {2000-02},
	journal = {Nature},
	pages = {843--845},
	volume = {403},
	number = {6772},
	doi = {10.1038/35002708},
	url = {https://www.nature.com/articles/35002708},
	note = {Publisher: Nature Publishing Group},
	langid = {en}
}

@article{cardinale2012,
	title = {Biodiversity loss and its impact on humanity},
	author = {Cardinale, Bradley J. and Duffy, J. Emmett and Gonzalez, Andrew and Hooper, David U. and Perrings, Charles and Venail, Patrick and Narwani, Anita and Mace, Georgina M. and Tilman, David and Wardle, David A. and Kinzig, Ann P. and Daily, Gretchen C. and Loreau, Michel and Grace, James B. and Larigauderie, Anne and Srivastava, Diane S. and Naeem, Shahid},
	year = {2012},
	month = {06},
	date = {2012-06},
	journal = {Nature},
	pages = {59--67},
	volume = {486},
	number = {7401},
	doi = {10.1038/nature11148},
	url = {https://www.nature.com/articles/nature11148},
	note = {Number: 7401
Publisher: Nature Publishing Group},
	langid = {en}
}

@book{thompson2009,
	title = {Forest resilience, biodiversity, and climate change: a synthesis of the biodiversity / resiliende / stability relationship in forest ecosystems},
	author = {Thompson, Ian D. and Mackey, Brendan and McNulty, Steven and Mosseler, Alex},
	year = {2009},
	date = {2009},
	publisher = {Secretariat of the Convention on Biological Diversity},
	series = {CBD technical series},
	number = {43},
	address = {Montreal},
	langid = {en}
}

@article{marín2021,
	title = {Mapping forest condition in Europe: Methodological developments in support to forest biodiversity assessments},
	author = {{Marín}, Ana Isabel and Abdul Malak, Dania and Bastrup-Birk, Annemarie and Chirici, Gherardo and Barbati, Anna and Kleeschulte, Stefan},
	year = {2021},
	month = {09},
	date = {2021-09-01},
	journal = {Ecological Indicators},
	pages = {107839},
	volume = {128},
	doi = {10.1016/j.ecolind.2021.107839},
	url = {https://www.sciencedirect.com/science/article/pii/S1470160X21005045}
}

@article{pinnegar2008,
	title = {The {\textquoteleft}shifting baseline{\textquoteright} phenomenon: a global perspective},
	author = {Pinnegar, John K. and Engelhard, Georg H.},
	year = {2008},
	month = {02},
	date = {2008-02},
	journal = {Reviews in Fish Biology and Fisheries},
	pages = {1--16},
	volume = {18},
	number = {1},
	doi = {10.1007/s11160-007-9058-6},
	url = {https://link.springer.com/10.1007/s11160-007-9058-6},
	langid = {en}
}

@article{nielsen2007,
	title = {A new method to estimate species and biodiversity intactness using empirically derived reference conditions},
	author = {Nielsen, S.E. and Bayne, E.M. and Schieck, J. and Herbers, J. and Boutin, S.},
	year = {2007},
	month = {07},
	date = {2007-07},
	journal = {Biological Conservation},
	pages = {403--414},
	volume = {137},
	number = {3},
	doi = {10.1016/j.biocon.2007.02.024},
	url = {https://linkinghub.elsevier.com/retrieve/pii/S0006320707000912},
	langid = {en}
}

@article{winter2012,
	title = {Forest naturalness assessment as a component of biodiversity monitoring and conservation management},
	author = {Winter, S.},
	year = {2012},
	month = {04},
	date = {2012-04-01},
	journal = {Forestry},
	pages = {293--304},
	volume = {85},
	number = {2},
	doi = {10.1093/forestry/cps004},
	url = {https://academic.oup.com/forestry/article-lookup/doi/10.1093/forestry/cps004},
	langid = {en}
}

@article{coops2021,
	title = {Modelling lidar-derived estimates of forest attributes over space and time: A review of approaches and future trends},
	author = {Coops, Nicholas C. and Tompalski, Piotr and Goodbody, Tristan R. H. and Queinnec, Martin and Luther, Joan E. and Bolton, Douglas K. and White, Joanne C. and Wulder, Michael A. and van Lier, Oliver R. and Hermosilla, Txomin},
	year = {2021},
	month = {07},
	date = {2021-07-01},
	journal = {Remote Sensing of Environment},
	pages = {112477},
	volume = {260},
	doi = {10.1016/j.rse.2021.112477},
	url = {https://www.sciencedirect.com/science/article/pii/S0034425721001954},
	langid = {en}
}

@article{hirsh-pearson2022,
	title = {Canada{\textquoteright}s human footprint reveals large intact areas juxtaposed against areas under immense anthropogenic pressure},
	author = {Hirsh-Pearson, Kristen and Johnson, Chris J. and Schuster, Richard and Wheate, Roger D. and Venter, Oscar},
	year = {2022},
	month = {01},
	date = {2022-01},
	journal = {FACETS},
	pages = {398--419},
	volume = {7},
	doi = {10.1139/facets-2021-0063},
	url = {https://www.facetsjournal.com/doi/10.1139/facets-2021-0063},
	note = {Publisher: Canadian Science Publishing}
}

@techreport{tachikawa2011,
	title = {ASTER Global Digital Elevation Model Version 2 - summary of validation results},
	author = {Tachikawa, Tetushi and Kaku, Manabu and Iwasaki, Akira and Gesch, Dean B. and Oimoen, Michael J. and Zhang, Z. and Danielson, Jeffrey J. and Krieger, Tabatha and Curtis, Bill and Haase, Jeff and Abrams, Michael and Carabajal, C.},
	year = {2011},
	date = {2011},
	pages = {27},
	url = {http://pubs.er.usgs.gov/publication/70005960},
	note = {Code: ASTER Global Digital Elevation Model Version 2 - summary of validation results
Publication Title: ASTER Global Digital Elevation Model Version 2 - summary of validation results
Reporter: ASTER Global Digital Elevation Model Version 2 - summary of validation results
IP-032819}
}

@article{arcese1997,
	title = {The Role of Protected Areas as Ecological Baselines},
	author = {Arcese, Peter and Sinclair, A. R. E.},
	year = {1997},
	date = {1997},
	journal = {The Journal of Wildlife Management},
	pages = {587--602},
	volume = {61},
	number = {3},
	doi = {10.2307/3802167},
	url = {https://www.jstor.org/stable/3802167},
	note = {Publisher: [Wiley, Wildlife Society]}
}

@article{balaguer2014,
	title = {The historical reference in restoration ecology: Re-defining a cornerstone concept},
	author = {Balaguer, Luis and Escudero, {Adrián} and {Martín-Duque}, {José F.} and Mola, Ignacio and Aronson, James},
	year = {2014},
	month = {08},
	date = {2014-08-01},
	journal = {Biological Conservation},
	pages = {12--20},
	volume = {176},
	doi = {10.1016/j.biocon.2014.05.007},
	url = {https://www.sciencedirect.com/science/article/pii/S0006320714001955}
}

@article{white2014,
	title = {Pixel-Based Image Compositing for Large-Area Dense Time Series Applications and Science},
	author = {White, Joanne. C. and Wulder, M. A. and Hobart, G. W. and Luther, J. E. and Hermosilla, T. and Griffiths, P. and Coops, N. C. and Hall, R. J. and Hostert, P. and Dyk, A. and Guindon, L.},
	year = {2014},
	month = {05},
	date = {2014-05},
	journal = {Canadian Journal of Remote Sensing},
	pages = {192{\textendash}212},
	volume = {40},
	number = {3},
	doi = {10.1080/07038992.2014.945827},
	url = {http://www.tandfonline.com/doi/full/10.1080/07038992.2014.945827}
}

@article{hermosilla2016,
	title = {Mass data processing of time series Landsat imagery: pixels to data products for forest monitoring},
	author = {Hermosilla, Txomin and Wulder, Michael A. and White, Joanne C. and Coops, Nicholas C. and Hobart, Geordie W. and Campbell, Lorraine B.},
	year = {2016},
	month = {11},
	date = {2016-11},
	journal = {International Journal of Digital Earth},
	pages = {1035{\textendash}1054},
	volume = {9},
	number = {11},
	doi = {10.1080/17538947.2016.1187673},
	url = {https://www.tandfonline.com/doi/full/10.1080/17538947.2016.1187673}
}

@article{hermosilla2015,
	title = {Regional detection, characterization, and attribution of annual forest change from 1984 to 2012 using Landsat-derived time-series metrics},
	author = {Hermosilla, Txomin and Wulder, Michael A. and White, Joanne C. and Coops, Nicholas C. and Hobart, Geordie W.},
	year = {2015},
	month = {12},
	date = {2015-12},
	journal = {Remote Sensing of Environment},
	pages = {121{\textendash}132},
	volume = {170},
	doi = {10.1016/j.rse.2015.09.004},
	url = {https://linkinghub.elsevier.com/retrieve/pii/S0034425715301279}
}

@article{bolton2019,
	title = {Uncovering regional variability in disturbance trends between parks and greater park ecosystems across Canada (1985{\textendash}2015)},
	author = {Bolton, Douglas K. and Coops, Nicholas C. and Hermosilla, Txomin and Wulder, Michael A. and White, Joanne C. and Ferster, Colin J.},
	year = {2019},
	month = {12},
	date = {2019-12},
	journal = {Scientific Reports},
	pages = {1323},
	volume = {9},
	number = {1},
	doi = {10.1038/s41598-018-37265-4},
	url = {http://www.nature.com/articles/s41598-018-37265-4}
}
